@misc{glisc,
	author={{Grey Literature International Steering Committee}},
	title={{GLISC}},
	month={oct},
	year={2014},
	note = "[Online; acedido em Outubro 2014]"
}
@unpublished{AP2,
	author={Universidade de Aveiro},
	title={Trabalho de aprofundamento 2},
	month={may},
	year={2021},
	url = "https://elearning.ua.pt/pluginfile.php/430960/mod_resource/content/13/ap2-2021.pdf"
}
